<?xml version="1.0" encoding="UTF-8"?><collection xmlns="http://www.loc.gov/MARC21/slim"><record><leader>00510nam--2200181-i-4500</leader><controlfield tag="001">000027900</controlfield><controlfield tag="002">20161230</controlfield><controlfield tag="005">20161230201037</controlfield><controlfield tag="008">060222s1000------------r-----000-0-fre-d</controlfield><datafield ind1=" " ind2=" " tag="040"><subfield code="a">IFIN-HH</subfield></datafield><datafield ind1=" " ind2=" " tag="041"><subfield code="a">fre</subfield></datafield><datafield ind1=" " ind2=" " tag="080"><subfield code="a">539.143.5:015</subfield></datafield><datafield ind1="1" ind2=" " tag="100"><subfield code="a">Leduc, Michele</subfield></datafield><datafield ind1="1" ind2="0" tag="245"><subfield code="a">Quelques experiences d`orientation nucleaire par pompage optique</subfield><subfield code="b">These</subfield><subfield code="c">Michele leduc</subfield></datafield><datafield ind1=" " ind2=" " tag="260"><subfield code="a">Paris</subfield><subfield code="b">Universite De Paris Vi</subfield><subfield code="c">1972</subfield></datafield><datafield ind1=" " ind2=" " tag="300"><subfield code="a">184P.+ APPENDICE</subfield></datafield><datafield ind1=" " ind2=" " tag="852"><subfield code="a">38076</subfield><subfield code="c">539.14</subfield></datafield><datafield ind1=" " ind2=" " tag="CAT"><subfield code="a">Sys</subfield><subfield code="c">20120328</subfield><subfield code="h">163833</subfield></datafield></record></collection>